

@book{1,
  title={Constant Mean Curvature Surfaces with Boundary},
  author={Rafael Lopez}
}
