
@article{1,
	Author = {Chen, L.,Liu,R.,Liu,Z.-P.,Li,M.,& Aihara, K.},
	Journal = {Nature Publishing Group},
	Title = {Detecting early-warning signals for sudden deterioration of complex diseases by dynamical network biomarkers.},
	Year = {2012}}



@article{2,
  	Author = {Li F,Long T, Lu Y,et al.},
  	Journal = {Proceedings of the National Academy of Sciences},
  	Title = {The yeast cell-cycle network is robustly designed[J]},
  	Year = {2004}}
