
@article{1,
	Author = {THOMSON, WILLIAM},
	Journal = {Nature},
	Month = {04},
	Pages = {441 EP  -},
	Title = {Kinetic Theory of the Dissipation of Energy},
	Volume = {9},
	Year = {1874}}


@article{2,
  doi = "10.1007/BF02392505",
  fjournal = "Acta Mathematica",
  journal = "Acta Math.",
  number = "1-2",
  pages = "VII--XII",
  publisher = "Institut Mittag-Leffler",
  title = "Avant-propos",
  url = "https://doi.org/10.1007/BF02392505",
  volume = "13",
  year = "1890"
}

@book{3,
  title="On the kinetic theory of rarefied gases",
  Author={Harold Grad},
  url="https://doi.org/10.1002/cpa.3160020403"
}

@book{4,
   title="Lanford O.E. (1975) Time evolution of large classical systems",
   volume="38",
   publisher="Springer, Berlin, Heidelberg",
}

@article{5,
   title="Definitions and Evolutions of Statistical Entropy for Hamiltonian Systems",
   url="https://arxiv.org/abs/1709.08906",
   Author={Xiangjun Xing}
}

@book{6,
   title="Kinetic Theory:Irreversible Processes",
   Author={Stephen Brush},
}

@book{7,
   title="Ludwig Boltzmann: The Man who Trusted Atoms",
   Author={Carlo Cercignani}
}
