@ARTICLE{his,
   author = {马丁戴维斯},
   title = {逻辑的引擎},
}

@article{book,
	title={Mathematical Logic,Second Edition},
	author={H.-D.Ebbinghaus,J.Flum,W.Thomas. },
}

@website{web,
  title={Teaching of Yijia Chen},
  url="http://basics.sjtu.edu.cn/%7Echen/"
  }
