

@book{1,
  title={惯性技术},
  author={苏中,李擎,李旷振,杨宝利}
}



@book{2,
  title={惯性导航基础},
  author={王新龙},
}



@book{3,
  title={陀螺仪在导航中的应用及其比较},
  author={姜璐,于远治,吉春生}
}



@book{4,
  title={Nuclear Magnetic Resonance Gyroscopes},
  author={E. A. Donley},
}

@book{5,
  title={常见几种陀螺仪的比较及应用分析},
  author={姜璐,于运治}
}
